@book{handbook,
  title={The Web Application HackerÂ´s Handbook: Finding and Exploiting Security Flaws, Second Edition},
  author={Stuttard, Dafydd and Pinto, Marcus},
  year={2011},
  publisher={John Wiley \& Sons, Inc.}
}
@online{OWASPabout,
  author={www.owasp.org},
  year={2018},
  title={About The Open Web Application Security Project},
  url={https://www.owasp.org/index.php/About_The_Open_Web_Application_Security_Project},
  urldate={2018-12-28},
}
@online{OWASPtop10,
  author={www.owasp.org},
  year={2017},
  title={OWASP Top 10 Application Security Risks},
  url={https://www.owasp.org/index.php/Top_10-2017_Top_10},
  urldate={2018-12-28},
  }
@online{cve,
  author={www.cvedetails.com},
  year={2019},
  title={Vulnerabilities by Year},
  url={https://www.cvedetails.com/browse-by-date.php},
  urldate={2019-01-07},
}
@online{OWASPtools,
  author={www.owasp.org},
  year={2019},
  title={Category:Vulnerability Scanning Tools},
  url={https://www.owasp.org/index.php/Category:Vulnerability_Scanning_Tools},
  urldate={2019-01-26},
}
@online{Vega,
  author={Subgraph},
  year={2019},
  title={Vega Issues 13, Export report},
  url={https://github.com/subgraph/Vega/issues/13},
  urldate={2019-02-12},
